<?xml version="1.0" encoding="UTF-8"?><record xmlns="http://www.loc.gov/MARC21/slim" xmlns:cinclude="http://apache.org/cocoon/include/1.0" xmlns:zs="http://www.loc.gov/zing/srw/">
  <leader>00572cz  a2200157n  4500</leader>
  <controlfield tag="001">n  78037068 </controlfield>
  <controlfield tag="003">DLC</controlfield>
  <controlfield tag="005">20120731075800.0</controlfield>
  <controlfield tag="008">780621n| aaannaab           |n aaa      </controlfield>
  <datafield tag="010" ind1=" " ind2=" ">
    <subfield code="a">n  78037068 </subfield>
  </datafield>
  <datafield tag="040" ind1=" " ind2=" ">
    <subfield code="a">DLC</subfield>
    <subfield code="b">eng</subfield>
    <subfield code="c">DLC</subfield>
    <subfield code="d">DLC</subfield>
  </datafield>
  <datafield tag="046" ind1=" " ind2=" ">
    <subfield code="f">1940</subfield>
  </datafield>
  <datafield tag="100" ind1="1" ind2=" ">
    <subfield code="a">Thiersch, Hans Reiner,</subfield>
    <subfield code="d">1940-</subfield>
  </datafield>
  <datafield tag="667" ind1=" " ind2=" ">
    <subfield code="a">THIS 1XX FIELD CANNOT BE USED UNDER RDA UNTIL THIS RECORD HAS BEEN REVIEWED AND/OR UPDATED</subfield>
  </datafield>
  <datafield tag="670" ind1=" " ind2=" ">
    <subfield code="a">His Die Wahl des richtigen Grundrisses, 1977:</subfield>
    <subfield code="b">t.p. (Hans Reiner Thiersch, Dipl.-Ing. Architekt BDA) cover (b. 1940)</subfield>
  </datafield>
  <datafield tag="670" ind1=" " ind2=" ">
    <subfield code="a">GFR 77-A48</subfield>
    <subfield code="b">(Thiersch, Hans Reiner)</subfield>
  </datafield>
</record>